% !Mode:: "TeX:UTF-8"
%[1] 王浩刚，聂在平.三维矢量散射积分方程中奇异性分析[J].电子学报，1999, 27(12): 68-71


@article{prediction,
    author = {Justin Wolfers and Eric Zitzewitz and Justin Wolfers and Eric Zitzewitz},
    title = {Prediction Markets},
    journal = {J. Economic Perspectives},
    year = {2004},
    pages = {107--126}
}

@digital{yours,
author ={YOURS},
    title =        {YOURS},
  url =          {http://www.yours.org},
  type =         {OL},
  date={2018}
}

@digital{alexa,
author ={Alexa},
    title =        {Alexa Top Sites},
  url =          {https://www.alexa.com/topsites},
  type =         {OL},
  date = {2017}
}

@digital{xueqiu,
author ={XUEQIU},
    title =        {xueqiu.com},
  url =          {https://xueqiu.com},
  type =         {OL},
  date={2018}
}

@digital{spencerkimball,
author ={Spencer Kimball},
    title =        {Alibaba sales surge \$5 billion in first 15 minutes on Singles Day},
  url =          {https://www.cnbc.com/2017/11/10/alibaba-sales-surge-to-5-billion-in-15-minutes-on-singles-day.html},
  type =         {OL},
  date={2017}
}

@digital{amazonlatency,
author ={Nati Shalom},
    title =        {Amazon found every 100ms of latency cost them 1\% in sales},
  url =          {https://blog.gigaspaces.com/amazon-found-every-100ms-of-latency-cost-them-1-in-sales},
  type =         {OL},
  date={2008}
}

@inproceedings{pbft,
 author = {Castro, Miguel and Liskov, Barbara},
 title = {Practical Byzantine Fault Tolerance},
 booktitle = {Proceedings of the Third Symposium on Operating Systems Design and Implementation},
 series = {OSDI '99},
 year = {1999},
 isbn = {1-880446-39-1},
 location = {New Orleans, Louisiana, USA},
 pages = {173--186},
 numpages = {14},
 url = {http://dl.acm.org/citation.cfm?id=296806.296824},
 acmid = {296824},
 publisher = {USENIX Association},
 address = {Berkeley, CA, USA},
} 

@ARTICLE{bft_perf,
 author = {Vukolić M},
 title = {The Quest for Scalable Blockchain Fabric: Proof-of-Work vs. BFT Replication},
 booktitle = {Open Problems in Network Security. Lecture Notes in Computer Science},
 year = {2015},
 location = {Springer, Cham},
} 


@ARTICLE{efficient,
    author = {J. S. Jordan},
    title = {On the efficient markets hypothesis},
    journal = {Econometrica},
    year = {1983},
    pages = {1325--1343}
}


@digital{bitcoin,
    author = {Satoshi Nakamoto},
    title = {Bitcoin: A peer-to-peer electronic cash system},
    url={http://bitcoin.org/bitcoin.pdf},
    date = {2008},
    type = {OL}
}

@digital{eth,
    author = {Vitalik Buterin},
    title = {A next-generation smart contract and decentralized application platform}, 
    url ={https://github.com/ethereum/wiki/wiki/White-Paper},
    date = {2014},
    type = {EB/OL}
}

@digital{eth2,
    author = {Gavin Wood},
    title = {Ethereum: a secure decentralised generalised transaction ledger},
    url={http://gavwood.com/paper.pdf},
    date = {2014},
    type = {OL}
}

@digital{ipfs,
    author = {Juan Benet},
    title = {IPFS - Content Addressed, Versioned, P2P File System},
    url={https://arxiv.org/abs/1407.3561},
    type = {OL}
}

@digital{neo,
    author = {Erik Zhang},
    title = {A Byzantine Fault Tolerance Algorithm for Blockchain},
    url={http://docs.neo.org/en-us/node/whitepaper.html},
    type = {OL}
}




